<?xml version="1.0" encoding="UTF-8"?><collection xmlns="http://www.loc.gov/MARC21/slim"><record><leader>00483nam--2200181-i-4500</leader><controlfield tag="001">000035763</controlfield><controlfield tag="002">20161230</controlfield><controlfield tag="005">20161230201040</controlfield><controlfield tag="008">060222s1000------------r-----000-0-eng-d</controlfield><datafield ind1=" " ind2=" " tag="040"><subfield code="a">IFIN-HH</subfield></datafield><datafield ind1=" " ind2=" " tag="080"><subfield code="a">535</subfield></datafield><datafield ind1="1" ind2=" " tag="100"><subfield code="a">Bruhat, G</subfield></datafield><datafield ind1="1" ind2="0" tag="245"><subfield code="a">Cours de physique generale. optique</subfield><subfield code="c">G. bruhat</subfield></datafield><datafield ind1=" " ind2=" " tag="250"><subfield code="a">Cinqueme Edition Revue Et Completee Par A.Kastler</subfield></datafield><datafield ind1=" " ind2=" " tag="260"><subfield code="a">Paris</subfield><subfield code="b">Masson &amp; C-ie</subfield><subfield code="c">1959</subfield></datafield><datafield ind1=" " ind2=" " tag="300"><subfield code="a">XII + 908P</subfield></datafield><datafield ind1=" " ind2=" " tag="852"><subfield code="a">16562</subfield><subfield code="c">535</subfield></datafield><datafield ind1=" " ind2=" " tag="CAT"><subfield code="a">Sys</subfield><subfield code="c">20160205</subfield><subfield code="h">093351</subfield></datafield></record></collection>